@online{gartner_dark_data,
  author = {Gartner},
  title = {Dark Data Definition},
  year = {2023},
  url = {https://www.gartner.com/en/information-technology/glossary/dark-data},
  note = {Accessed: 2024-10-14}
}

@misc{ons_population,
  author = {{Office for National Statistics}},
  title = {Annual Mid-Year Population Estimates: Mid-2023},
  year = {2023},
  url = {https://www.ons.gov.uk/peoplepopulationandcommunity/populationandmigration/populationestimates/bulletins/annualmidyearpopulationestimates/mid2023},
  note = {Accessed: 2024-10-14}
}

@misc{ons_technology,
  author = {{Office for National Statistics}},
  title = {Percentage of Homes and Individuals with Technological Equipment},
  year = {2022},
  url = {https://www.beta.ons.gov.uk/aboutus/transparencyandgovernance/freedomofinformationfoi/percentageofhomesandindividualswithtechnologicalequipment},
  note = {Accessed: 2024-10-14}
}

@misc{ons_household_size,
  author = {{Office for National Statistics}},
  title = {Families and Households: 2023},
  year = {2023},
  url = {https://www.ons.gov.uk/peoplepopulationandcommunity/birthsdeathsandmarriages/families/bulletins/familiesandhouseholds/2023},
  note = {Accessed: 2024-10-14}
}


