@online{gartner2023darkdata,
  author = {Gartner},
  title = {Dark Data Definition},
  year = {2023},
  url = {https://www.gartner.com/en/information-technology/glossary/dark-data},
  note = {Accessed: 2024-10-14}
}

@misc{ons2022population,
  author = {{Office for National Statistics}},
  title = {Annual Mid-Year Population Estimates: Mid-2023},
  year = {2023},
  url = {https://www.ons.gov.uk/peoplepopulationandcommunity/populationandmigration/populationestimates/bulletins/annualmidyearpopulationestimates/mid2023},
  note = {Accessed: 2024-10-14}
}

@misc{ons2022technology,
  author = {{Office for National Statistics}},
  title = {Percentage of Homes and Individuals with Technological Equipment},
  year = {2022},
  url = {https://www.beta.ons.gov.uk/aboutus/transparencyandgovernance/freedomofinformationfoi/percentageofhomesandindividualswithtechnologicalequipment},
  note = {Accessed: 2024-10-14}
}

@misc{ons2023householdsize,
  author = {{Office for National Statistics}},
  title = {Families and Households: 2023},
  year = {2023},
  url = {https://www.ons.gov.uk/peoplepopulationandcommunity/birthsdeathsandmarriages/families/bulletins/familiesandhouseholds/2023},
  note = {Accessed: 2024-10-14}
}

@article{gholamian2021comprehensive,
  title={A comprehensive survey of logging in software: From logging statements automation to log mining and analysis},
  author={Gholamian, Sina and Ward, Paul AS},
  journal={arXiv preprint arXiv:2110.12489},
  year={2021}
}

@book{David2020dartdata,
publisher = {Princeton University Press},
isbn = {9780691198859},
year = {2020},
title = {Dark data : why what you don't know matters / [internet resource]},
language = {eng},
address = {Princeton},
author = {Hand, D. J. (David J.)},
keywords = {Missing observations (Statistics); Big data},
lccn = {2019022972},
}

@ARTICLE{Leveson1993Therac25,
  author={Leveson, N.G. and Turner, C.S.},
  journal={Computer}, 
  title={An investigation of the Therac-25 accidents}, 
  year={1993},
  volume={26},
  number={7},
  pages={18-41},
  keywords={Accidents;Software safety;Food manufacturing;Computer industry;Food industry;Electron accelerators;Biomedical applications of radiation;Injuries;History;Drugs},
  doi={10.1109/MC.1993.274940}}

@online{ofgem2022powercost,
  author = {Ofgem},
  title = {New Energy Price Cap Level October-December 2024},
  year = {2022},
  url = {https://www.ofgem.gov.uk/news/new-energy-price-cap-level-october-december-2024-starts-today},
  note = {Accessed: 2024-10-20}
}

@online{ukom2024online,
  author = {UKOM Ipsos iris Online Audience Measurement Service},
  title = {Online Audience Measurement Service, March 2024},
  year = {2024},
  url = {https://ukom.uk.net/uploads/files/news/ukom/281/UKOM_Mar_2024_OMO.pdf},
  note = {Accessed: 2024-10-20}
}




